@article{Ragoza2017,
  doi = {10.1021/acs.jcim.6b00740},
  url = {https://doi.org/10.1021/acs.jcim.6b00740},
  year  = {2017},
  month = {Apr},
  publisher = {American Chemical Society ({ACS})},
  volume = {57},
  number = {4},
  pages = {942--957},
  author = {Matthew Ragoza and Joshua Hochuli and Elisa Idrobo and Jocelyn Sunseri and David Ryan Koes},
  title = {Protein{\textendash}Ligand Scoring with Convolutional Neural Networks},
  journal = {Journal of Chemical Information and Modeling}
}